@article{kapitany2020,
	title = {Ritual morphospace revisited: the form, function and factor structure of ritual practice},
	volume = {375},
	url = {https://www.jstor.org/stable/26991561},
	shorttitle = {Ritual morphospace revisited},
	pages = {1--10},
	number = {1805},
	journaltitle = {Philosophical Transactions: Biological Sciences},
	author = {Kapitány, Rohan and Kavanagh, Christopher and Whitehouse, Harvey},
	date = {2020},
	note = {Publisher: Royal Society},
	file = {JSTOR Full Text PDF:/Users/arsenegery/Zotero/storage/9JKZW8YB/Kapitány et al. - 2020 - Ritual morphospace revisited the form, function a.pdf:application/pdf},
}

@article{atkinson2011,
	title = {The cultural morphospace of ritual form: Examining modes of religiosity cross-culturally},
	volume = {32},
	url = {https://www.sciencedirect.com/science/article/pii/S1090513810001029},
	doi = {10.1016/j.evolhumbehav.2010.09.002},
	shorttitle = {The cultural morphospace of ritual form},
	pages = {50--62},
	number = {1},
	journaltitle = {Evolution and Human Behavior},
	shortjournal = {Evolution and Human Behavior},
	author = {Atkinson, Quentin D. and Whitehouse, Harvey},
	date = {2011-01-01},
	keywords = {Religion, Agriculture, Costly signalling, Cultural evolution, Human Relations Area Files, Modes of religiosity, Ritual},
	file = {Atkinson and Whitehouse - 2011 - The cultural morphospace of ritual form Examining.pdf:/Users/arsenegery/Zotero/storage/A7GRF2XK/Atkinson and Whitehouse - 2011 - The cultural morphospace of ritual form Examining.pdf:application/pdf;ScienceDirect Snapshot:/Users/arsenegery/Zotero/storage/HZL4X75G/S1090513810001029.html:text/html},
}

@article{locke1985,
	title = {A Preliminary Model for the Cross-Cultural Analysis of Altered States of Consciousness},
	volume = {13},
	url = {https://www.jstor.org/stable/640008},
	pages = {3--55},
	number = {1},
	journaltitle = {Ethos},
	author = {Locke, Ralph G. and Kelly, Edward F.},
	date = {1985},
	note = {Publisher: [American Anthropological Association, Wiley]},
	file = {JSTOR Full Text PDF:/Users/arsenegery/Zotero/storage/4GUQ4ZHW/Locke and Kelly - 1985 - A Preliminary Model for the Cross-Cultural Analysi.pdf:application/pdf},
}

@article{whitehouse1996,
	title = {Rites of Terror: Emotion, Metaphor and Memory in Melanesian Initiation Cults},
	volume = {2},
	url = {https://www.jstor.org/stable/3034304},
	doi = {10.2307/3034304},
	shorttitle = {Rites of Terror},
	pages = {703--715},
	number = {4},
	journaltitle = {The Journal of the Royal Anthropological Institute},
	author = {Whitehouse, Harvey},
	date = {1996},
	note = {Publisher: [Wiley, Royal Anthropological Institute of Great Britain and Ireland]},
	file = {JSTOR Full Text PDF:/Users/arsenegery/Zotero/storage/69C5TDPJ/Whitehouse - 1996 - Rites of Terror Emotion, Metaphor and Memory in M.pdf:application/pdf},
}

@article{schjoedt2013,
	title = {Cognitive resource depletion in religious interactions},
	volume = {3},
	url = {https://doi.org/10.1080/2153599X.2012.736714},
	doi = {10.1080/2153599X.2012.736714},
	pages = {39--55},
	number = {1},
	journaltitle = {Religion, Brain \& Behavior},
	author = {Schjoedt, Uffe and Sørensen, Jesper and Nielbo, Kristoffer Laigaard and Xygalatas, Dimitris and Mitkidis, Panagiotis and Bulbulia, Joseph},
	date = {2013-02-01},
	keywords = {authority, emotion regulation, predictive coding, resource depletion, ritualized behavior},
	file = {Submitted Version:/Users/arsenegery/Zotero/storage/H3NWJUK6/Schjoedt et al. - 2013 - Cognitive resource depletion in religious interact.pdf:application/pdf},
}

@article{henrich2009,
	title = {The evolution of costly displays, cooperation and religion: credibility enhancing displays and their implications for cultural evolution},
	volume = {30},
	url = {https://www.sciencedirect.com/science/article/pii/S1090513809000245},
	doi = {10.1016/j.evolhumbehav.2009.03.005},
	shorttitle = {The evolution of costly displays, cooperation and religion},
	pages = {244--260},
	number = {4},
	journaltitle = {Evolution and Human Behavior},
	shortjournal = {Evolution and Human Behavior},
	author = {Henrich, Joseph},
	date = {2009-07-01},
	keywords = {Religion, Ritual, Cooperation, Credibility enhancing displays, Cultural group selection, Cultural transmission, Dual inheritance theory},
	file = {Henrich - 2009 - The evolution of costly displays, cooperation and .pdf:/Users/arsenegery/Zotero/storage/CTXA83SL/Henrich - 2009 - The evolution of costly displays, cooperation and .pdf:application/pdf;ScienceDirect Snapshot:/Users/arsenegery/Zotero/storage/RCXVV4KT/S1090513809000245.html:text/html},
}

@article{irons2001religion,
	title={Religion as a hard-to-fake sign of commitment},
	author={Irons, William},
	journal={Evolution and the capacity for commitment},
	volume={292309},
	year={2001}
}

@article{buhlmann2006,
	title = {Boosting for High-Dimensional Linear Models},
	volume = {34},
	url = {https://www.jstor.org/stable/25463430},
	pages = {559--583},
	number = {2},
	journaltitle = {The Annals of Statistics},
	author = {Bühlmann, Peter},
	date = {2006},
	note = {Publisher: Institute of Mathematical Statistics},
	file = {JSTOR Full Text PDF:/Users/arsenegery/Zotero/storage/VNZMUCEN/Bühlmann - 2006 - Boosting for High-Dimensional Linear Models.pdf:application/pdf},
}

@article{muchlinski2016,
	title = {Comparing Random Forest with Logistic Regression for Predicting Class-Imbalanced Civil War Onset Data},
	volume = {24},
	url = {https://www.jstor.org/stable/24573207},
	pages = {87--103},
	number = {1},
	journaltitle = {Political Analysis},
	author = {Muchlinski, David and Siroky, David and He, Jingrui and Kocher, Matthew},
	date = {2016},
	note = {Publisher: [Oxford University Press, Society for Political Methodology]},
	file = {JSTOR Full Text PDF:/Users/arsenegery/Zotero/storage/6X5IV6V5/Muchlinski et al. - 2016 - Comparing Random Forest with Logistic Regression f.pdf:application/pdf},
}

@article{shi2006,
	title = {Unsupervised Learning with Random Forest Predictors},
	volume = {15},
	url = {https://www.jstor.org/stable/27594168},
	pages = {118--138},
	number = {1},
	journaltitle = {Journal of Computational and Graphical Statistics},
	author = {Shi, Tao and Horvath, Steve},
	date = {2006},
	note = {Publisher: [American Statistical Association, Taylor \& Francis, Ltd., Institute of Mathematical Statistics, Interface Foundation of America]},
	file = {JSTOR Full Text PDF:/Users/arsenegery/Zotero/storage/7JN9UPC3/Shi and Horvath - 2006 - Unsupervised Learning with Random Forest Predictor.pdf:application/pdf},
}

@report{goldberg2018,
	title = {Machine Learning Approach},
	url = {https://www.jstor.org/stable/resrep22894.7},
	pages = {29--32},
	institution = {Institute for Defense Analyses},
	author = {Goldberg, Matthew S. and Cheng, Karen and Huff, Nancy M. and Kimko, Dennis D. and Saizan, Alexandra M.},
	date = {2018},
	file = {JSTOR Full Text PDF:/Users/arsenegery/Zotero/storage/7D2ITTSS/Goldberg et al. - 2018 - Machine Learning Approach.pdf:application/pdf},
}

@incollection{ramazzotti2018,
	title = {Landscape Archaeology and Artificial Intelligence: the Neural Hypersurface of the Mesopotamian Urban Revolution},
	url = {https://www.jstor.org/stable/10.1163/j.ctv4v349g.11},
	series = {Case Studies on Archaeological Data, Objects, Texts, and Digital Archiving},
	shorttitle = {Landscape Archaeology and Artificial Intelligence},
	pages = {60--82},
	booktitle = {{CyberResearch} on the Ancient Near East and Neighboring Regions},
	publisher = {Brill},
	author = {Ramazzotti, Marco and Buscema, Paolo Massimo and Massini, Giulia},
	editor = {Juloux, Vanessa Bigot and Gansell, Amy Rebecca and di Ludovico, Alessandro},
	date = {2018},
	file = {JSTOR Full Text PDF:/Users/arsenegery/Zotero/storage/7S79DBB3/Ramazzotti et al. - 2018 - Landscape Archaeology and Artificial Intelligence.pdf:application/pdf},
}

@article{gao2018,
	title = {Sex Determination of 3D Skull Based on a Novel Unsupervised Learning Method},
	volume = {2018},
	doi = {10.1155/2018/4567267},
	pages = {4567267--10},
	journaltitle = {Computational and mathematical methods in medicine},
	author = {Gao, Hongjuan and Geng, Guohua and Yang, Wen},
	editora = {Maex, Reinoud},
	editoratype = {collaborator},
	date = {2018},
	note = {Place: United States
Publisher: Hindawi},
	keywords = {Adolescent, Adult, Aged, China, Female, Forensic Anthropology, Humans, Imaging, Three-Dimensional, Male, Middle Aged, Sex Determination by Skeleton, Skull - anatomy \& histology, Skull - diagnostic imaging, Unsupervised Machine Learning, Young Adult},
	file = {Full Text:/Users/arsenegery/Zotero/storage/W3NQQMWJ/Gao et al. - 2018 - Sex Determination of 3D Skull Based on a Novel Uns.pdf:application/pdf},
}

@book{schwenker2012,
	location = {Netherlands},
	edition = {1},
	title = {Partially Supervised Learning: First {IAPR} {TC}3 Workshop, {PSL} 2011, Ulm, Germany, September 15-16, 2011, Revised Selected Papers},
	volume = {7081},
	series = {{LNCS} sublibrary. {SL} 7, Artificial intelligence},
	shorttitle = {Partially Supervised Learning},
	publisher = {Springer Nature},
	author = {Schwenker, Friedhelm and Trentin, Edmondo},
	editora = {Schwenker, Friedhelm and Trentin, Edmondo},
	editoratype = {collaborator},
	date = {2012},
	keywords = {Artificial intelligence, Machine learning, Congresses, Special computer methods},
}

@article{malkic2013,
	title = {Cluster analyses of association of weather, daily factors and emergent medical conditions},
	volume = {37},
	pages = {189--194},
	number = {1},
	journaltitle = {Collegium antropologicum},
	author = {Malkić, Jasmin and Sarajlić, Nermin and Smrke, Barbara U. R. and Smrke, Dragica},
	date = {2013},
	note = {Place: Croatia},
	keywords = {Algorithms, Humans, Abdominal Pain - diagnosis, Chest Pain - diagnosis, Climate change, Cluster Analysis, Data Mining, Databases, Factual, Dizziness, emergency department visit, Emergency Service, Hospital - organization \& administration, Environmental effects, Headache - diagnosis, Lung Diseases - diagnosis, meteorology, Patients, primary health care, Primary Health Care - organization \& administration, Seasons, Stroke - diagnosis, Sweden, Uppsala, Weather},
}

@article{hefner2014,
	title = {Statistical Classification Methods for Estimating Ancestry Using Morphoscopic Traits},
	volume = {59},
	url = {https://api.istex.fr/ark:/67375/WNG-G188Q31P-T/fulltext.pdf},
	doi = {10.1111/1556-4029.12421},
	pages = {883--890},
	number = {4},
	journaltitle = {Journal of forensic sciences},
	author = {Hefner, Joseph T. and Ousley, Stephen D.},
	date = {2014},
	note = {Place: United States
Publisher: Blackwell Publishing Ltd},
	keywords = {Adolescent, Adult, Aged, Female, Humans, Male, Middle Aged, Skull - anatomy \& histology, Young Adult, Aged, 80 and over, Ancestry, Classification, Classification statistics, Continental Population Groups, Forensic anthropology, Forensic Anthropology - methods, Forensic science, Forensic sciences, Genealogy, Methods, Models, Statistical, Morphoscopic traits, Neural networks, Neural Networks (Computer), Support Vector Machine},
}

@article{yuadi2021,
	title = {Digital forensics for skulls classification in physical anthropology collection management},
	volume = {68},
	doi = {10.32604/cmc.2021.015417},
	pages = {3979--3995},
	number = {3},
	journaltitle = {Computers, materials \& continua},
	author = {Yuadi, Imam and Artaria, Myrtati D. and {Sakina} and Asyhari, A. Taufiq},
	date = {2021},
	note = {Place: Henderson
Publisher: Tech Science Press},
	keywords = {Classification, Anthropology, Collections, Computer forensics, Discrete Wavelet Transform, Feature extraction, Forensic computing, Fractal transforms, Gabor, Gray-level co-occurrence matrix, Human skulls, Labels, Mathematical analysis, Matrix methods, Physical anthropology, Physical properties, Skull, Support vector machine, Support vector machines, Wavelet transforms},
	file = {Full Text:/Users/arsenegery/Zotero/storage/UP4AUJ9R/Yuadi et al. - 2021 - Digital forensics for skulls classification in phy.pdf:application/pdf},
}

@article{richman2018,
	title = {What does it feel like to be post-secular? Ritual expressions of religious affects in contemporary renewal movements},
	volume = {79},
	url = {https://doi.org/10.1080/21692327.2018.1434011},
	doi = {10.1080/21692327.2018.1434011},
	shorttitle = {What does it feel like to be post-secular?},
	pages = {295--310},
	number = {3},
	journaltitle = {International Journal of Philosophy and Theology},
	author = {Richman, Naomi Irit},
	date = {2018-05-27},
	keywords = {affect theory, emotion, modernity, Pentecostalism, post-modernism, post-secularism, ritual, Secularism},
	file = {Accepted Version:/Users/arsenegery/Zotero/storage/Q3UCKGIV/Richman - 2018 - What does it feel like to be post-secular Ritual .pdf:application/pdf},
}

@book{mccauley2002,
	location = {Cambridge},
	edition = {1},
	title = {Bringing Ritual to Mind: Psychological Foundations of Cultural Forms},
	shorttitle = {Bringing Ritual to Mind},
	publisher = {University Press},
	author = {{McCauley}, Robert N. and Lawson, E. Thomas},
	date = {2002},
	doi = {10.1017/CBO9780511606410},
	note = {Pages: xiii–xiii},
	keywords = {Religion, Ritual, Cognition, Cognition and culture, Culture, Mind, Mysteries, Religious, Psychology, Psychology, Religious, Rites and ceremonies},
}

@article{littlewood2005,
	title = {{McCauley}, Robert N., and E. Thomas Lawson: Bringing Ritual to Mind. Psychological Foundations of Cultural Forms},
	volume = {100},
	doi = {10.5771/0257-9774-2005-2-622},
	shorttitle = {{McCauley}, Robert N., and E. Thomas Lawson},
	pages = {622--623},
	number = {2},
	journaltitle = {Anthropos},
	author = {Littlewood, Roland},
	date = {2005},
}

@article{barth1990,
	title = {The Guru and the Conjurer: Transactions in Knowledge and the Shaping of Culture in Southeast Asia and Melanesia},
	volume = {25},
	url = {https://www.jstor.org/stable/2803658},
	doi = {10.2307/2803658},
	shorttitle = {The Guru and the Conjurer},
	pages = {640--653},
	number = {4},
	journaltitle = {Man},
	author = {Barth, Fredrik},
	date = {1990},
	note = {Publisher: [Wiley, Royal Anthropological Institute of Great Britain and Ireland]},
	file = {JSTOR Full Text PDF:/Users/arsenegery/Zotero/storage/GE3QEHPV/Barth - 1990 - The Guru and the Conjurer Transactions in Knowled.pdf:application/pdf},
}

@book{boyer1993cognitive,
	title={Cognitive aspects of religious symbolism},
	author={Boyer, Pascal},
	year={1993},
	publisher={CUP Archive}
}

@book{boyer2007religion,
	title={Religion explained: The evolutionary origins of religious thought},
	author={Boyer, Pascal},
	year={2007},
	publisher={Hachette UK}
}

@book{boyer2023naturalness,
	title={The naturalness of religious ideas: A cognitive theory of religion},
	author={Boyer, Pascal},
	year={2023},
	publisher={Univ of California Press}
}

@article{bloch2008,
	title = {Why Religion Is Nothing Special but Is Central},
	volume = {363},
	url = {https://www.jstor.org/stable/20208610},
	pages = {2055--2061},
	number = {1499},
	journaltitle = {Philosophical Transactions: Biological Sciences},
	author = {Bloch, Maurice},
	date = {2008},
	note = {Publisher: The Royal Society},
	file = {JSTOR Full Text PDF:/Users/arsenegery/Zotero/storage/WK9C6H6G/Bloch - 2008 - Why Religion Is Nothing Special but Is Central.pdf:application/pdf},
}

@book{eliade1959sacred,
	title={The sacred and the profane: The nature of religion},
	author={Eliade, Mircea},
	volume={81},
	year={1959},
	publisher={Houghton Mifflin Harcourt}
}

@book{eliade2024shamanism,
	title={Shamanism: Archaic techniques of ecstasy},
	author={Eliade, Mircea},
	year={2024},
	publisher={Princeton University Press}
}

@article{lienard2006,
	title = {Whence Cultural Rituals? A Cultural Selection Model of Ritualized Behavior},
	volume = {108},
	doi = {10.1525/aa.2006.108.4.814},
	shorttitle = {Whence Cultural Rituals?},
	journaltitle = {American Anthropologist},
	author = {Lienard, Pierre and Boyer, Pascal},
	date = {2006-12-01},
	file = {Full Text PDF:/Users/arsenegery/Zotero/storage/88L3BQBE/Lienard and Boyer - 2006 - Whence Cultural Rituals A Cultural Selection Mode.pdf:application/pdf},
}

@article{derios1974,
	title = {The Influence of Psychotropic Flora and Fauna on Maya Religion [and Comments and Reply]},
	volume = {15},
	url = {https://www.journals.uchicago.edu/doi/abs/10.1086/201452},
	doi = {10.1086/201452},
	pages = {147--164},
	number = {2},
	journaltitle = {Current Anthropology},
	author = {de Rios, Marlene Dobkin and Alger, Norman and Crumrine, N. Ross and Furst, Peter T. and Harman, Robert C. and Hellmuth, Nicholas M. and Hopkins, Nicholas A. and King, William Clyde and Koss, Joan D. and La Barre, Weston and Landar, Herbert J. and Long, Joesph K. and Proskouriakoff, Tatiana and Rubel, Arthur J. and Samaranch, Francisco and Thompson, J. Eric S. and Wescott, Roger W.},
	date = {1974-06},
	note = {Publisher: The University of Chicago Press},
}

@article{fischer1973cartography,
	title={A cartography of the ecstatic and meditative states},
	author={Fischer, Roland},
	journal={Leonardo},
	volume={6},
	number={1},
	pages={59--66},
	year={1973},
	publisher={The MIT Press}
}

@article{graf1985,
	title = {Implicit and explicit memory for new associations in normal and amnesic subjects},
	volume = {11},
	doi = {10.1037//0278-7393.11.3.501},
	pages = {501--518},
	number = {3},
	journaltitle = {Journal of Experimental Psychology. Learning, Memory, and Cognition},
	shortjournal = {J Exp Psychol Learn Mem Cogn},
	author = {Graf, P. and Schacter, D. L.},
	date = {1985-07},
	pmid = {3160813},
	keywords = {Adult, Aged, Female, Humans, Male, Middle Aged, Amnesia, Association, Memory, Retention, Psychology},
}

@article{griffiths2006,
	title = {Psilocybin can occasion mystical-type experiences having substantial and sustained personal meaning and spiritual significance},
	volume = {187},
	doi = {10.1007/s00213-006-0457-5},
	pages = {268--283; discussion 284--292},
	number = {3},
	journaltitle = {Psychopharmacology},
	shortjournal = {Psychopharmacology (Berl)},
	author = {Griffiths, R. R. and Richards, W. A. and {McCann}, U. and Jesse, R.},
	date = {2006-08},
	pmid = {16826400},
	keywords = {Adult, Female, Humans, Male, Affect, Blood Pressure, Cross-Over Studies, Double-Blind Method, Hallucinogens, Heart Rate, Lysergic Acid Diethylamide, Psilocybin, Spirituality, Substance-Related Disorders, Surveys and Questionnaires},
}

@article{havens1964,
	title = {A Working Paper: Memo on the Religious Implications of the Consciousness-Changing Drugs ({LSD}, Mescalin, Psilocybin)},
	volume = {3},
	url = {https://www.jstor.org/stable/1384511},
	doi = {10.2307/1384511},
	shorttitle = {A Working Paper},
	pages = {216--226},
	number = {2},
	journaltitle = {Journal for the Scientific Study of Religion},
	author = {Havens, Joseph},
	date = {1964},
	note = {Publisher: [Society for the Scientific Study of Religion, Wiley]},
	file = {JSTOR Full Text PDF:/Users/arsenegery/Zotero/storage/2EDYQKP3/Havens - 1964 - A Working Paper Memo on the Religious Implication.pdf:application/pdf},
}

@book{hirschfeld1994,
	title = {Mapping the Mind: Domain Specificity in Cognition and Culture},
	shorttitle = {Mapping the Mind},
	author = {Hirschfeld, Lawrence},
	date = {1994-04-29},
	doi = {10.1017/CBO9780511752902.009},
	file = {Full Text PDF:/Users/arsenegery/Zotero/storage/MHVGAXPM/Hirschfeld - 1994 - Mapping the Mind Domain Specificity in Cognition .pdf:application/pdf},
}

@book{whitehouse2004,
	edition = {Accepted Manuscript},
	title = {Theorizing religions past},
	url = {https://ora.ox.ac.uk/objects/uuid:f60a5714-0f43-496d-92ba-b4cbe823ecb4},
	publisher = {{AltaMira} Press},
	author = {Whitehouse, H.},
	date = {2004},
	file = {Full Text PDF:/Users/arsenegery/Zotero/storage/RDQSZDMR/Whitehouse - 2004 - Theorizing religions past.pdf:application/pdf},
}

@article{klein2002,
	title = {The Role of Shamanism in Mesoamerican Art: A Reassessment},
	volume = {43},
	url = {https://www.jstor.org/stable/10.1086/339529},
	doi = {10.1086/339529},
	shorttitle = {The Role of Shamanism in Mesoamerican Art},
	pages = {383--419},
	number = {3},
	journaltitle = {Current Anthropology},
	author = {Klein, {Cecelia F}. and Guzmn, Eulogio and Mandell, {ElisaC}. and {StanfieldMazzi}, Maya},
	date = {2002},
	note = {Publisher: [The University of Chicago Press, Wenner-Gren Foundation for Anthropological Research]},
	file = {JSTOR Full Text PDF:/Users/arsenegery/Zotero/storage/Q47BEVB4/Klein et al. - 2002 - The Role of Shamanism in Mesoamerican Art A Reass.pdf:application/pdf},
}

@book{lawson1990,
	location = {New York, {NY}, {US}},
	title = {Rethinking religion:  Connecting cognition and culture},
	series = {Rethinking religion:  Connecting cognition and culture},
	shorttitle = {Rethinking religion},
	pagetotal = {ix, 194},
	publisher = {Cambridge University Press},
	author = {Lawson, E. Thomas and {McCauley}, Robert N.},
	date = {1990},
	note = {Pages: ix, 194},
	keywords = {Religion, Cognition, Culture (Anthropological), Religious Practices, Semantics, Theory Formulation},
	file = {Snapshot:/Users/arsenegery/Zotero/storage/BAR92FHM/1990-97822-000.html:text/html},
}

@book{lewis2003,
	location = {London},
	edition = {Third ed},
	title = {Ecstatic religion :  a study of shamanism and spirit possession},
	shorttitle = {Ecstatic religion},
	pagetotal = {200},
	publisher = {Routledge},
	author = {Lewis, Ioan Myrddin},
	date = {2003},
	note = {Country: {GB}
22 cm. Bibliogr. p. 185-194. Index.},
	keywords = {Extase, Possession (anthropologie)},
}

@article{ludwig1966,
	title = {Altered states of consciousness},
	volume = {15},
	doi = {10.1001/archpsyc.1966.01730150001001},
	pages = {225--234},
	number = {3},
	journaltitle = {Archives of General Psychiatry},
	author = {Ludwig, Arnold M.},
	date = {1966},
	note = {Place: {US}
Publisher: American Medical Association},
	keywords = {Consciousness States, Body Image Disturbances, Consciousness Disturbances, Perceptual Distortion},
	file = {Snapshot:/Users/arsenegery/Zotero/storage/KSNJ36RI/1966-12371-001.html:text/html},
}

@article{lukoff1990,
	title = {Transpersonal psychology research review: Psychoactive substances and transpersonal states.},
	shorttitle = {Transpersonal psychology research review},
	pages = {107--148},
	journaltitle = {Journal of Transpersonal Psychology},
	shortjournal = {Journal of Transpersonal Psychology},
	author = {Lukoff, David and Zanger, Robert and Lu, Francis},
	date = {1990-01-01},
	file = {Full Text PDF:/Users/arsenegery/Zotero/storage/D4VXH3UC/Lukoff et al. - 1990 - Transpersonal psychology research review Psychoac.pdf:application/pdf},
}

@article{merlin2003,
	title = {Archaeological Evidence for the Tradition of Psychoactive Plant Use in the Old World},
	volume = {57},
	url = {https://www.jstor.org/stable/4256701},
	pages = {295--323},
	number = {3},
	journaltitle = {Economic Botany},
	author = {Merlin, M. D.},
	date = {2003},
	note = {Publisher: New York Botanical Garden Press},
	file = {JSTOR Full Text PDF:/Users/arsenegery/Zotero/storage/REMAMBKL/Merlin - 2003 - Archaeological Evidence for the Tradition of Psych.pdf:application/pdf},
}

@incollection{mithen2004,
	location = {Walnut Creek {CA}},
	title = {From Ohalo to Çatalhöyük: the development of religiosity during the early prehistory of Western Asia, 20,000-7000 {BC}},
	url = {https://centaur.reading.ac.uk/3840/},
	shorttitle = {From Ohalo to Çatalhöyük},
	pages = {17--43},
	publisher = {{AltaMira} Press},
	author = {Mithen, S. J.},
	editor = {Whitehouse, H. and Martin, L. H.},
	date = {2004},
	file = {Snapshot:/Users/arsenegery/Zotero/storage/6VNIWNY7/3840.html:text/html},
}

@article{johne.pfeiffer1984,
	title = {The creative explosion. An inquiry into the origins of art and religion.},
	volume = {58},
	url = {https://www.cambridge.org/core/journals/antiquity/article/john-e-pfeiffer-the-creative-explosion-an-inquiry-into-the-origins-of-art-and-religion-new-york-harper-row-1982-270-pp-16-colour-pls-80-intext-illustrations-1850/455539F9FF0156BBAE461DCAB7583122},
	doi = {10.1017/S0003598X00051619},
	shorttitle = {John E. Pfeiffer},
	pages = {136--137},
	number = {223},
	journaltitle = {Antiquity},
	author = {John E. Pfeiffer, P. J.},
	date = {1984-07},
	langid = {english},
	file = {Full Text PDF:/Users/arsenegery/Zotero/storage/FUJJFAG2/Ucko - 1984 - John E. Pfeiffer The creative explosion. An inqui.pdf:application/pdf},
}

@article{price-williams1994,
	title = {Shamanism and Altered States of Consciousness},
	volume = {5},
	doi = {10.1525/ac.1994.5.2.1},
	pages = {1--15},
	number = {2},
	journaltitle = {Anthropology of Consciousness},
	author = {Price-Williams, Douglass and Hughes, Dureen J.},
	date = {1994},
	file = {Snapshot:/Users/arsenegery/Zotero/storage/ZZMUXDCE/PRISAA-2.html:text/html},
}

@book{rappaport1999,
	location = {Cambridge},
	title = {Ritual and Religion in the Making of Humanity},
	url = {https://www.cambridge.org/core/books/ritual-and-religion-in-the-making-of-humanity/99F1AE57E9E2ACFD4019ED9A6DA38036},
	series = {Cambridge Studies in Social and Cultural Anthropology},
	publisher = {Cambridge University Press},
	author = {Rappaport, Roy A.},
	date = {1999},
	doi = {10.1017/CBO9780511814686},
	file = {Snapshot:/Users/arsenegery/Zotero/storage/CH5S4U6L/99F1AE57E9E2ACFD4019ED9A6DA38036.html:text/html},
}

@book{walsh2005higher,
	title={Higher wisdom: Eminent elders explore the continuing impact of psychedelics},
	author={Walsh, Roger and Grob, Charles S},
	year={2005},
	publisher={State University of New York Press}
}

@incollection{whitehouse2005,
	title = {Memory and Analogical Thinking in High-Arousal Rituals},
	author = {Whitehouse, Harvey and Stewart, Emma and Richert, Rebekah},
	date = {2005-01-01},
	file = {Full Text PDF:/Users/arsenegery/Zotero/storage/BASZB2XY/Whitehouse et al. - 2005 - Memory and Analogical Thinking in High-Arousal Rit.pdf:application/pdf},
}

@article{sosis2003signaling,
	title={Signaling, solidarity, and the sacred: The evolution of religious behavior},
	author={Sosis, Richard and Alcorta, Candace},
	journal={Evolutionary Anthropology: Issues, News, and Reviews: Issues, News, and Reviews},
	volume={12},
	number={6},
	pages={264--274},
	year={2003},
	publisher={Wiley Online Library}
}

@article{sosis2007scars,
	title={Scars for war: Evaluating alternative signaling explanations for cross-cultural variance in ritual costs},
	author={Sosis, Richard and Kress, Howard C and Boster, James S},
	journal={Evolution and human behavior},
	volume={28},
	number={4},
	pages={234--247},
	year={2007},
	publisher={Elsevier}
}

@book{sperber1996,
	title = {Explaining Culture: A Naturalistic Approach},
	shorttitle = {Explaining Culture},
	pagetotal = {188},
	publisher = {Wiley},
	author = {Sperber, Dan},
	date = {1996-11-06},
	langid = {english},
	keywords = {Philosophy / General, Science / Philosophy \& Social Aspects},
}

@article{sperber2004,
	title = {The cognitive foundations of cultural stability and diversity},
	volume = {8},
	url = {https://www.sciencedirect.com/science/article/pii/S1364661303003140},
	doi = {10.1016/j.tics.2003.11.002},
	pages = {40--46},
	number = {1},
	journaltitle = {Trends in Cognitive Sciences},
	shortjournal = {Trends in Cognitive Sciences},
	author = {Sperber, Dan and Hirschfeld, Lawrence A.},
	date = {2004-01-01},
	file = {Full Text:/Users/arsenegery/Zotero/storage/3EIRX8HC/Sperber and Hirschfeld - 2004 - The cognitive foundations of cultural stability an.pdf:application/pdf;ScienceDirect Snapshot:/Users/arsenegery/Zotero/storage/8ELPHNPU/S1364661303003140.html:text/html},
}

@book{turner1974,
	title = {Dramas, Fields, and Metaphors: Symbolic Action in Human Society},
	url = {https://www.jstor.org/stable/10.7591/j.ctv75d7df},
	shorttitle = {Dramas, Fields, and Metaphors},
	publisher = {Cornell University Press},
	author = {Turner, Victor},
	date = {1974},
}

@book{turner1995,
	location = {New York},
	title = {The Ritual Process: Structure and Anti-Structure},
	shorttitle = {The Ritual Process},
	pagetotal = {232},
	publisher = {Routledge},
	author = {Turner, Victor and Abrahams, Roger and Harris, Alfred},
	date = {1995-12-31},
	doi = {10.4324/9781315134666},
}

@book{whitehouse2000,
	location = {Oxford},
	title = {Arguments and icons: divergent modes of religiosity / Harvey Whitehouse.},
	shorttitle = {Arguments and icons},
	publisher = {University Press},
	author = {Whitehouse, Harvey},
	date = {2000},
	keywords = {Religion, Memory, Melanesia, Religion and culture},
}

@article{whitehouse1992,
	title = {Memorable Religions: Transmission, Codification and Change in Divergent Melanesian Contexts},
	volume = {27},
	url = {https://www.jstor.org/stable/2804174},
	doi = {10.2307/2804174},
	shorttitle = {Memorable Religions},
	pages = {777--797},
	number = {4},
	journaltitle = {Man},
	author = {Whitehouse, Harvey},
	date = {1992},
	note = {Publisher: [Wiley, Royal Anthropological Institute of Great Britain and Ireland]},
	file = {JSTOR Full Text PDF:/Users/arsenegery/Zotero/storage/LS5J6WVA/Whitehouse - 1992 - Memorable Religions Transmission, Codification an.pdf:application/pdf},
}

@incollection{whitehouse2014,
	location = {Cambridge},
	title = {Modes of Religiosity and the Evolution of Social Complexity at Çatalhöyük},
	url = {https://www.cambridge.org/core/books/religion-at-work-in-a-neolithic-society/modes-of-religiosity-and-the-evolution-of-social-complexity-at-catalhoyuk/6328A5C9CA3D9ECC52770C6A20166E71},
	pages = {134--156},
	booktitle = {Religion at Work in a Neolithic Society: Vital Matters},
	publisher = {Cambridge University Press},
	author = {Whitehouse, Harvey and Mazzucato, Camilla and Hodder, Ian and Atkinson, Quentin D.},
	editor = {Hodder, Ian},
	date = {2014},
	doi = {10.1017/CBO9781107239043.008},
	file = {Snapshot:/Users/arsenegery/Zotero/storage/KLW2BQ5L/6328A5C9CA3D9ECC52770C6A20166E71.html:text/html},
}

@article{whitehouse2002,
	title = {Modes of Religiosity: Towards a Cognitive Explanation of the Sociopolitical Dynamics of Religion},
	volume = {14},
	url = {https://www.jstor.org/stable/23550000},
	shorttitle = {Modes of Religiosity},
	pages = {293--315},
	number = {3},
	journaltitle = {Method \& Theory in the Study of Religion},
	author = {Whitehouse, Harvey},
	date = {2002},
	note = {Publisher: Brill},
	file = {JSTOR Full Text PDF:/Users/arsenegery/Zotero/storage/72V6HBVJ/Whitehouse - 2002 - Modes of Religiosity Towards a Cognitive Explanat.pdf:application/pdf},
}

@article{whitehouse2002a,
	title = {Religious reflexivity and transmissive frequency},
	volume = {10},
	doi = {10.1017/S0964028202000071},
	pages = {91--103},
	number = {1},
	journaltitle = {Social Anthropology},
	author = {Whitehouse, Harvey},
	date = {2002-02},
	langid = {english},
}

@article{whitehouse2012,
	title = {The role for simulations in theory construction for the social sciences: case studies concerning Divergent Modes of Religiosity},
	volume = {2},
	url = {https://doi.org/10.1080/2153599X.2012.691033},
	doi = {10.1080/2153599X.2012.691033},
	shorttitle = {The role for simulations in theory construction for the social sciences},
	pages = {182--201},
	number = {3},
	journaltitle = {Religion, Brain \& Behavior},
	author = {Whitehouse, Harvey and Kahn, Ken and Hochberg, Michael E. and Bryson, Joanna J.},
	date = {2012-10-01},
	keywords = {ritual, {ABM}, cargo cult, computational modeling, modes of religiosity, religion, simulations, socio-cultural evolution},
	file = {Accepted Version:/Users/arsenegery/Zotero/storage/SAXU9JKU/Whitehouse et al. - 2012 - The role for simulations in theory construction fo.pdf:application/pdf},
}

@article{whitehouse2001,
	title = {Transmissive Frequency, Ritual, and Exegesis},
	volume = {1},
	doi = {10.1163/156853701316931399},
	pages = {167--181},
	number = {2},
	journaltitle = {Journal of Cognition and Culture},
	author = {Whitehouse, Harvey},
	date = {2001},
	note = {Publisher: Brill Academic Publishers},
	file = {Snapshot:/Users/arsenegery/Zotero/storage/AQ24NWQ7/WHITFR-4.html:text/html},
}

@book{wissler1922,
	title = {The American Indian: An Introduction to the Anthropology of the New World},
	shorttitle = {The American Indian},
	pagetotal = {546},
	publisher = {Oxford University Press},
	author = {Wissler, Clark},
	date = {1922},
	langid = {english},
}

@book{whitehouse2004modes,
	title={Modes of religiosity: A cognitive theory of religious transmission},
	author={Whitehouse, Harvey},
	year={2004},
	publisher={Rowman Altamira}
}

@book{whitehouse2004a,
	title = {Ritual and Memory: Toward a Comparative Anthropology of Religion},
	shorttitle = {Ritual and Memory},
	pagetotal = {236},
	publisher = {Rowman Altamira},
	author = {Whitehouse, Harvey and Laidlaw, James},
	date = {2004},
	langid = {english},
	keywords = {Religion / Philosophy, Religion / Psychology of Religion, Social Science / Anthropology / Cultural \& Social, Social Science / Sociology of Religion},
}

@book{whitehouse2007,
	title = {Religion, Anthropology, and Cognitive Science},
	pagetotal = {316},
	publisher = {Carolina Academic Press},
	author = {Whitehouse, Harvey and Laidlaw, James},
	date = {2007},
	langid = {english},
	keywords = {Social Science / Anthropology / Cultural \& Social, Social Science / Sociology of Religion, Psychology / Ethnopsychology, Religion / General, Social Science / Anthropology / General},
}

@incollection{whitehouse2005b,
	title = {The Cognitive Foundations of Religiosity},
	author = {Whitehouse, Harvey},
	date = {2005-01-01},
	file = {Full Text PDF:/Users/arsenegery/Zotero/storage/67SJRSBW/Whitehouse - 2005 - The Cognitive Foundations of Religiosity.pdf:application/pdf},
}

@online{zotero-460,
	title = {{eHRAF} World Cultures},
	url = {https://ehrafworldcultures.yale.edu/},
	file = {eHRAF World Cultures:/Users/arsenegery/Zotero/storage/JJT65W23/ehrafworldcultures.yale.edu.html:text/html},
}
